<?xml version="1.0" encoding="UTF-8"?><collection xmlns="http://www.loc.gov/MARC21/slim"><record><leader>00524nam--2200145-i-4500</leader><controlfield tag="001">000009773</controlfield><controlfield tag="002">20161230</controlfield><controlfield tag="005">20161230201028</controlfield><controlfield tag="008">060222s1000------------r-----000-0-eng-d</controlfield><datafield ind1=" " ind2=" " tag="080"><subfield code="a">539.172.3:539.2</subfield></datafield><datafield ind1=" " ind2=" " tag="100"><subfield code="a">Baggio-saitovitch, E., Friedt, J.M. And Danon, J</subfield></datafield><datafield ind1=" " ind2=" " tag="245"><subfield code="a">Mossbauer study of irradited iron chelates an d chemical consequences of 57co electron captu re in complex ligand compounds</subfield></datafield><datafield ind1=" " ind2=" " tag="260"><subfield code="a">Brasil, Centro Brasileiro,De Pesquisas Fisicas , 1971. /-279-297 P.</subfield></datafield><datafield ind1=" " ind2=" " tag="490"><subfield code="a">Notas De Fisica</subfield></datafield><datafield ind1=" " ind2=" " tag="852"><subfield code="a">13930</subfield></datafield></record></collection>